@misc{stranka1, howpublished="\url{https://mpc-edu.sk/sites/default/files/projekty/vystup/stryckova_2.pdf}",}
@misc{strankahry, howpublished="\url{https://www.hp.com/us-en/shop/tech-takes/best-educational-video-games-for-pc}",}
@misc{strankazdroj1, howpublished="\url{https://link.springer.com/content/pdf/10.1007/978-3-642-33814-4_2.pdf}",}
@misc{strankazdroj2, howpublished="\url{https://www.sciencedaily.com/releases/2022/03/220303112210.htm}",}

